@inproceedings{wang2014cross,
    title={Cross-Lingual Knowledge Validation Based Taxonomy Derivation from Heterogeneous Online Wikis.},
    author={Wang, Zhigang and Li, Juanzi and Li, Shuangjie and Li, Mingyang and Tang, Jie and Zhang, Kuo and Zhang, Kun},
    booktitle={AAAI},
    pages={180--186},
    year={2014}
}

@article{wang:movie,
    title={双语影视知识图谱的构建研究},
    author={王巍巍 and 王志刚 and 潘亮铭 and 刘阳 and 张江涛},
    journal={北京大学学报 (自然科学版)},
    volume={52},
    number={1},
    pages={25--34},
    year={2016}
}

@inproceedings{yang2005measuring,
    title={Measuring semantic similarity in the taxonomy of WordNet},
    author={Yang, Dongqiang and Powers, David MW},
    booktitle={Proceedings of the Twenty-eighth Australasian conference on Computer Science-Volume 38},
    pages={315--322},
    year={2005},
    organization={Australian Computer Society, Inc.}
}

@inproceedings{pantel2009web,
    title={Web-scale distributional similarity and entity set expansion},
    author={Pantel, Patrick and Crestan, Eric and Borkovsky, Arkady and Popescu, Ana-Maria and Vyas, Vishnu},
    booktitle={Proceedings of the 2009 Conference on Empirical Methods in Natural Language Processing: Volume 2-Volume 2},
    pages={938--947},
    year={2009},
    organization={Association for Computational Linguistics}
}

@inproceedings{bouma2009cross,
    title={Cross-lingual alignment and completion of Wikipedia templates},
    author={Bouma, Gosse and Duarte, Sergio and Islam, Zahurul},
    booktitle={Proceedings of the Third International Workshop on Cross Lingual Information Access: Addressing the Information Need of Multilingual Societies},
    pages={21--29},
    year={2009},
    organization={Association for Computational Linguistics}
}
@inproceedings{liu2014extracting,
    title={Extracting Attributes and Synonymous Attributes from Online Encyclopedias},
    author={Liu, Qian and Wu, Dayong and Liu, Yue and Cheng, Xueqi},
    booktitle={Web Intelligence (WI) and Intelligent Agent Technologies (IAT), 2014 IEEE/WIC/ACM International Joint Conferences on},
    volume={1},
    pages={290--296},
    year={2014},
    organization={IEEE}
}

@incollection{fu2009cross,
    title={Cross-lingual ontology mapping--an investigation of the impact of machine translation},
    author={Fu, Bo and Brennan, Rob and O’Sullivan, Declan},
    booktitle={The Semantic Web},
    pages={1--15},
    year={2009},
    publisher={Springer}
}
@article{nguyen2011multilingual,
    title={Multilingual schema matching for wikipedia infoboxes},
    author={Nguyen, Thanh and Moreira, Viviane and Nguyen, Huong and Nguyen, Hoa and Freire, Juliana},
    journal={Proceedings of the VLDB Endowment},
    volume={5},
    number={2},
    pages={133--144},
    year={2011},
    publisher={VLDB Endowment}
}
@inproceedings{lin2011unsupervised,
    title={Unsupervised language-independent name translation mining from wikipedia infoboxes},
    author={Lin, Wen-Pin and Snover, Matthew and Ji, Heng},
    booktitle={Proceedings of the First workshop on Unsupervised Learning in NLP},
    pages={43--52},
    year={2011},
    organization={Association for Computational Linguistics}
}

@inproceedings{adar2009information,
    title={Information arbitrage across multi-lingual Wikipedia},
    author={Adar, Eytan and Skinner, Michael and Weld, Daniel S},
    booktitle={Proceedings of the Second ACM International Conference on Web Search and Data Mining},
    pages={94--103},
    year={2009},
    organization={ACM}
}
@article{rinser2013cross,
    title={Cross-lingual entity matching and infobox alignment in Wikipedia},
    author={Rinser, Daniel and Lange, Dustin and Naumann, Felix},
    journal={Information Systems},
    volume={38},
    number={6},
    pages={887--907},
    year={2013},
    publisher={Elsevier}
}

